
@book{Tsaptsinos,
	title={Lyrics Based Music Genre Classification Using a Hierarchical Attention Network},
	author={Alexandros, Tsaptsinos},
	pages={1--8},
	year={2017},
}

@book{FellAnndSporleder,
	title={Lyrics-based Analysis and Classification of Music},
	author={Michael, Fell and Caroline, Sporleder},
	pages={1--12},
	year={2014},
}


@book{Aho:72,
		author  = {Alfred V. Aho and Jeffrey D. Ullman},
		title   = {The Theory of Parsing, Translation and Compiling},
		year    = "1972",
		volume  = "1",
		publisher = {Prentice-Hall},
		address = {Englewood Cliffs, NJ}
}

@book{APA:83,
		author  = {{American Psychological Association}},
		title   = {Publications Manual},
		year    = "1983",
	 publisher = {American Psychological Association},
	 address = {Washington, DC}
}

@article{ACM:83,
	author = {Association for Computing Machinery},
	year = "1983",
	journal = {Computing Reviews},
	volume = "24",
	number = "11",
	pages = "503--512"
}

@article{Chandra:81,
	author = {Ashok K. Chandra and Dexter C. Kozen and Larry J. Stockmeyer},
	year = "1981",
	title = {Alternation},
	journal = {Journal of the Association for Computing Machinery},
	volume = "28",
	number = "1",
	pages = "114--133",
	doi = "10.1145/322234.322243",
}

@misc{website:Mousehead,
	author = "Mousehead",
	title = "55000+ Song Lyrics | Kaggle",
	month = "November",
	year = "2017",
	url = "https://www.kaggle.com/mousehead/songlyrics"
}